@article{xiu_2003,
  title={针对突发灾害: 大城市的人居安全及其政策},
  author={修春亮 and 祝翔凌},
  journal={人文地理},
  volume={18},
  number={5},
  pages={26--30},
  year={2003}
}
@article{kiss2017mathematics,
  title={Mathematics of epidemics on networks},
  author={Kiss, Istv{\'a}n Z and Miller, Joel C and Simon, P{\'e}ter L and others},
  journal={Cham: Springer},
  volume={598},
  year={2017},
  publisher={Springer}
}
@article{belik2011natural,
  title={Natural human mobility patterns and spatial spread of infectious diseases},
  author={Belik, Vitaly and Geisel, Theo and Brockmann, Dirk},
  journal={Physical Review X},
  volume={1},
  number={1},
  pages={011001},
  year={2011},
  publisher={APS}
}