@book{van1992stochastic,
  title={Stochastic processes in physics and chemistry},
  author={Van Kampen, Nicolaas Godfried},
  volume={1},
  year={1992},
  publisher={Elsevier}
}
@article{iacopini2019simplicial,
  title={Simplicial models of social contagion},
  author={Iacopini, Iacopo and Petri, Giovanni and Barrat, Alain and Latora, Vito},
  journal={Nature communications},
  volume={10},
  number={1},
  pages={1--9},
  year={2019},
  publisher={Nature Publishing Group}
}
@article{liu1523,
author = {刘瑜 and 姚欣 and 龚咏喜 and 康朝贵 and 施迅 and 王法辉 and 王姣娥 and 张毅 and 赵鹏飞 and 朱递 and 朱欣焰},
title = {大数据时代的空间交互分析方法和应用再论},
publisher = {地理学报},
year = {2020},
journal = {地理学报},
volume = {75},
number = {7},
eid = {1523},
numpages = {15},
pages = {1523},
keywords = {空间交互;大数据;模型;分析方法;应用;社会感知},
url = {http://www.geog.com.cn/CN/abstract/article_47763.shtml},
doi = {10.11821/dlxb202007014}
}   
@article{stark2008decelerating,
  title={Decelerating microdynamics can accelerate macrodynamics in the voter model},
  author={Stark, Hans-Ulrich and Tessone, Claudio J and Schweitzer, Frank},
  journal={Physical review letters},
  volume={101},
  number={1},
  pages={018701},
  year={2008},
  publisher={APS}
}
@book{hubbell2011unified,
  title={The unified neutral theory of biodiversity and biogeography (MPB-32)},
  author={Hubbell, Stephen P},
  year={2011},
  publisher={Princeton University Press}
}
@article{kirkley2020information,
  title={Information theoretic network approach to socioeconomic correlations},
  author={Kirkley, Alec},
  journal={Physical Review Research},
  volume={2},
  number={4},
  pages={043212},
  year={2020},
  publisher={APS}
}
@article{burridge2017spatial,
  title={Spatial evolution of human dialects},
  author={Burridge, James},
  journal={Physical Review X},
  volume={7},
  number={3},
  pages={031008},
  year={2017},
  publisher={APS}
}
@article{feng2020comprehensive,
  title={Comprehensive evaluation of urban resilience based on the perspective of landscape pattern: A case study of Shenyang city},
  author={Feng, Xinghua and Xiu, Chunliang and Bai, Limin and Zhong, Yexi and Wei, Ye},
  journal={Cities},
  volume={104},
  pages={102722},
  year={2020},
  publisher={Elsevier}
}
@article{coyte2015ecology,
  title={The ecology of the microbiome: networks, competition, and stability},
  author={Coyte, Katharine Z and Schluter, Jonas and Foster, Kevin R},
  journal={Science},
  volume={350},
  number={6261},
  pages={663--666},
  year={2015},
  publisher={American Association for the Advancement of Science}
}
@article{massaro2018resilience,
  title={Resilience management during large-scale epidemic outbreaks},
  author={Massaro, Emanuele and Ganin, Alexander and Perra, Nicola and Linkov, Igor and Vespignani, Alessandro},
  journal={Scientific reports},
  volume={8},
  number={1},
  pages={1--9},
  year={2018},
  publisher={Nature Publishing Group}
}
@article{roweis2000nonlinear,
  title={Nonlinear dimensionality reduction by locally linear embedding},
  author={Roweis, Sam T and Saul, Lawrence K},
  journal={science},
  volume={290},
  number={5500},
  pages={2323--2326},
  year={2000},
  publisher={American Association for the Advancement of Science}
}@book{ultsch2005esom,
  title={ESOM-Maps: tools for clustering, visualization, and classification with Emergent SOM},
  author={Ultsch, Alfred and M{\"o}rchen, Fabian},
  volume={46},
  year={2005},
  publisher={Citeseer}
}
@article{mantymaa2018integrating,
  title={Integrating nature-based tourism and forestry in private lands under heterogeneous visitor preferences for forest attributes},
  author={M{\"a}ntymaa, Erkki and Ovaskainen, Ville and Juutinen, Artti and Tyrv{\"a}inen, Liisa},
  journal={Journal of Environmental Planning and Management},
  volume={61},
  number={4},
  pages={724--746},
  year={2018},
  publisher={Taylor \& Francis}
}
@article{jurdak2015understanding,
  title={Understanding human mobility from Twitter},
  author={Jurdak, Raja and Zhao, Kun and Liu, Jiajun and AbouJaoude, Maurice and Cameron, Mark and Newth, David},
  journal={PloS one},
  volume={10},
  number={7},
  pages={e0131469},
  year={2015},
  publisher={Public Library of Science San Francisco, CA USA}
}
@article{wang2016process,
  title={Process map for urban-human mobility and civil infrastructure data collection using geosocial networking platforms},
  author={Wang, Qi and Taylor, John E},
  journal={Journal of Computing in Civil Engineering},
  volume={30},
  number={2},
  pages={04015004},
  year={2016},
  publisher={American Society of Civil Engineers}
}
@article{helbing1995social,
  title={Social force model for pedestrian dynamics},
  author={Helbing, Dirk and Molnar, Peter},
  journal={Physical review E},
  volume={51},
  number={5},
  pages={4282},
  year={1995},
  publisher={APS}
}
@article{berry1958recent,
  title={Recent developments of central place theory},
  author={Berry, Brian JL and Garrison, William L},
  journal={Papers in Regional Science},
  volume={4},
  number={1},
  pages={107--120},
  year={1958},
  publisher={Wiley Online Library}
}
@article{raimbault2020empowering,
  title={Empowering Urban Governance through Urban Science: Multi-Scale Dynamics of Urban Systems Worldwide},
  author={Raimbault, Juste and Denis, Eric and Pumain, Denise},
  journal={Sustainability},
  volume={12},
  number={15},
  pages={5954},
  year={2020},
  publisher={Multidisciplinary Digital Publishing Institute}
}@article{allesina2012stability,
  title={Stability criteria for complex ecosystems},
  author={Allesina, Stefano and Tang, Si},
  journal={Nature},
  volume={483},
  number={7388},
  pages={205--208},
  year={2012},
  publisher={Nature Publishing Group}
}
@article{watts2005multiscale,
  title={Multiscale, resurgent epidemics in a hierarchical metapopulation model},
  author={Watts, Duncan J and Muhamad, Roby and Medina, Daniel C and Dodds, Peter S},
  journal={Proceedings of the National Academy of Sciences},
  volume={102},
  number={32},
  pages={11157--11162},
  year={2005},
  publisher={National Acad Sciences}
}
@article{colizza2007reaction,
  title={Reaction--diffusion processes and metapopulation models in heterogeneous networks},
  author={Colizza, Vittoria and Pastor-Satorras, Romualdo and Vespignani, Alessandro},
  journal={Nature Physics},
  volume={3},
  number={4},
  pages={276--282},
  year={2007},
  publisher={Nature Publishing Group}
}
@article{colizza2007invasion,
  title={Invasion threshold in heterogeneous metapopulation networks},
  author={Colizza, Vittoria and Vespignani, Alessandro},
  journal={Physical review letters},
  volume={99},
  number={14},
  pages={148701},
  year={2007},
  publisher={APS}
}
@article{gonzalez2008understanding,
  title={Understanding individual human mobility patterns},
  author={Gonzalez, Marta C and Hidalgo, Cesar A and Barabasi, Albert-Laszlo},
  journal={nature},
  volume={453},
  number={7196},
  pages={779--782},
  year={2008},
  publisher={Nature publishing group}
}
@article{degroot1974reaching,
  title={Reaching a consensus},
  author={DeGroot, Morris H},
  journal={Journal of the American Statistical Association},
  volume={69},
  number={345},
  pages={118--121},
  year={1974},
  publisher={Taylor \& Francis Group}
}
@book{fujita1999spatial,
  title={The spatial economy: Cities, regions, and international trade},
  author={Fujita, Masahisa and Krugman, Paul R and Venables, Anthony},
  year={1999},
  publisher={MIT press}
}@article{begg1999cities,
  title={Cities and competitiveness},
  author={Begg, Iain},
  journal={Urban studies},
  volume={36},
  number={5-6},
  pages={795--809},
  year={1999},
  publisher={Sage Publications Sage UK: London, England}
}
@article{kim2014perceived,
  title={Perceived neighbourhood social cohesion and myocardial infarction},
  author={Kim, Eric S and Hawes, Armani M and Smith, Jacqui},
  journal={J Epidemiol Community Health},
  volume={68},
  number={11},
  pages={1020--1026},
  year={2014},
  publisher={BMJ Publishing Group Ltd}
}
@article{toth2021inequality,
  title={Inequality is rising where social network segregation interacts with urban topology},
  author={T{\'o}th, Gerg{\H{o}} and Wachs, Johannes and Di Clemente, Riccardo and Jakobi, {\'A}kos and S{\'a}gv{\'a}ri, Bence and Kert{\'e}sz, J{\'a}nos and Lengyel, Bal{\'a}zs},
  journal={Nature communications},
  volume={12},
  number={1},
  pages={1--9},
  year={2021},
  publisher={Nature Publishing Group}
}
@article{yakubo2014superlinear,
  title={Superlinear and sublinear urban scaling in geographical networks modeling cities},
  author={Yakubo, K and Saijo, Y and Koro{\v{s}}ak, D},
  journal={Physical Review E},
  volume={90},
  number={2},
  pages={022803},
  year={2014},
  publisher={APS}
}
@article{zhao2021global,
  title={Global multi-model projections of local urban climates},
  author={Zhao, Lei and Oleson, Keith and Bou-Zeid, Elie and Krayenhoff, E Scott and Bray, Andrew and Zhu, Qing and Zheng, Zhonghua and Chen, Chen and Oppenheimer, Michael},
  journal={Nature Climate Change},
  volume={11},
  number={2},
  pages={152--157},
  year={2021},
  publisher={Nature Publishing Group}
}
@misc{seto2013book,
  title = {A global outlook on urbanization. In Urbanization, Biodiversity and Ecosystem Services: Challenges and Opportunities: A Global Assessment},
  author={Seto, K. C. and Parnell, S. and Elmqvist, T. },
  publisher={Springer Netherlands},
  year={2013}
}
@misc{unreport2018,
  title={World Urbanization Prospects: The 2018 Revision online edn (United Nations, 2018)},
  author={United Nations},
  year={2018}
}
@book{jacobs2016death,
  title={The death and life of great American cities},
  author={Jacobs, Jane},
  year={2016},
  publisher={Vintage}
}
@misc{Mega2020COVIDHK,
  title={COVID has killed more than one million people. How many more will die?},
  author={Emiliano Rodr{\'i}guez Mega},
  journal={Nature},
  year={2020}
}
@article{rhee2011levy,
  title={On the levy-walk nature of human mobility},
  author={Rhee, Injong and Shin, Minsu and Hong, Seongik and Lee, Kyunghan and Kim, Seong Joon and Chong, Song},
  journal={IEEE/ACM transactions on networking},
  volume={19},
  number={3},
  pages={630--643},
  year={2011},
  publisher={IEEE}
}
@article{mazzoli2019field,
  title={Field theory for recurrent mobility},
  author={Mazzoli, Mattia and Molas, Alex and Bassolas, Aleix and Lenormand, Maxime and Colet, Pere and Ramasco, Jos{\'e} J},
  journal={Nature communications},
  volume={10},
  number={1},
  pages={1--10},
  year={2019},
  publisher={Nature Publishing Group}
}
@article{li2021gravity,
  title={Gravity model in dockless bike-sharing systems within cities},
  author={Li, Ruiqi and Gao, Shuai and Luo, Ankang and Yao, Qing and Chen, Bingsheng and Shang, Fan and Jiang, Rui and Stanley, H Eugene},
  journal={Physical Review E},
  volume={103},
  number={1},
  pages={012312},
  year={2021},
  publisher={APS}
}
@article{jiang2011zipf,
  title={Zipf's law for all the natural cities in the United States: a geospatial perspective},
  author={Jiang, Bin and Jia, Tao},
  journal={International Journal of Geographical Information Science},
  volume={25},
  number={8},
  pages={1269--1281},
  year={2011},
  publisher={Taylor \& Francis}
}
@article{dong2020understanding,
  title={Understanding the mesoscopic scaling patterns within cities},
  author={Dong, Lei and Huang, Zhou and Zhang, Jiang and Liu, Yu},
  journal={Scientific reports},
  volume={10},
  number={1},
  pages={1--11},
  year={2020},
  publisher={Nature Publishing Group}
}
@phdthesis{pi2019multi,
  title={Multi-modal Mesoscopic Transportation System Modeling and Management with Mobility Data},
  author={Pi, Xidong},
  year={2019},
  school={Carnegie Mellon University}
}
@misc{Adolph2020PandemicPT,
  title={Pandemic Politics: Timing State-Level Social Distancing Responses to COVID-19},
  author={C. Adolph and K. Amano and B. Bang-Jensen and N. Fullman and J. Wilkerson},
  journal={J. health polit. policy law},
  year={2020}
}
@misc{ghafourian2020mathematical,
      title={Mathematical construction of a low-bias high-resolution deprivation index for the United States}, 
      author={Amin Ghafourian and Noli Brazil and Thilo Gross},
      year={2020},
      eprint={2007.10711},
      archivePrefix={arXiv},
      primaryClass={physics.soc-ph}
}
@article{rogers2013consensus,
  title={Consensus time and conformity in the adaptive voter model},
  author={Rogers, Tim and Gross, Thilo},
  journal={Physical Review E},
  volume={88},
  number={3},
  pages={030102},
  year={2013},
  publisher={APS}
}
@article{lombardo2015fixation,
  title={Fixation properties of subdivided populations with balancing selection},
  author={Lombardo, Pierangelo and Gambassi, Andrea and Dall'Asta, Luca},
  journal={Physical Review E},
  volume={91},
  number={3},
  pages={032130},
  year={2015},
  publisher={APS}
}
@article{baxter2008fixation,
  title={Fixation and consensus times on a network: A unified approach},
  author={Baxter, Gareth J and Blythe, Richard A and McKane, Alan J},
  journal={Physical Review Letters},
  volume={101},
  number={25},
  pages={258701},
  year={2008},
  publisher={APS}
}
@article{traulsen2006stochastic,
  title={Stochastic dynamics of invasion and fixation},
  author={Traulsen, Arne and Nowak, Martin A and Pacheco, Jorge M},
  journal={Physical Review E},
  volume={74},
  number={1},
  pages={011909},
  year={2006},
  publisher={APS}
}
@article{schelling1971dynamic,
  title={Dynamic models of segregation},
  author={Schelling, Thomas C},
  journal={Journal of mathematical sociology},
  volume={1},
  number={2},
  pages={143--186},
  year={1971},
  publisher={Taylor \& Francis}
}
@article{dalziel2013human,
  title={Human mobility patterns predict divergent epidemic dynamics among cities},
  author={Dalziel, Benjamin D and Pourbohloul, Babak and Ellner, Stephen P},
  journal={Proceedings of the Royal Society B: Biological Sciences},
  volume={280},
  number={1766},
  pages={20130763},
  year={2013},
  publisher={The Royal Society}
}
@article{hellewell2020feasibility,
	title="Feasibility of controlling COVID-19 outbreaks by isolation of cases and contacts.",
	author="Joel {Hellewell} and Sam {Abbott} and Amy {Gimma} and Nikos I {Bosse} and Christopher I {Jarvis} and Timothy W {Russell} and James D {Munday} and Adam J {Kucharski} and W John {Edmunds} and Fiona {Sun} and Stefan {Flasche} and Billy J {Quilty} and Nicholas {Davies} and Yang {Liu} and Samuel {Clifford} and Petra {Klepac} and Mark {Jit} and Charlie {Diamond} and Hamish {Gibbs} and Kevin van {Zandvoort} and Sebastian {Funk} and Rosalind M {Eggo}",
	journal="The Lancet Global Health",
	volume="8",
	number="4",
	year="2020"
}
@article{Wolf2020AwarenessAA,
	title="Awareness, Attitudes, and Actions Related to COVID-19 Among Adults With Chronic Conditions at the Onset of the U.S. Outbreak: A Cross-sectional Survey.",
	author="Michael S. {Wolf} and Marina {Serper} and Lauren {Opsasnick} and Rachel M. {O'Conor} and Laura M. {Curtis} and Julia Yoshino {Benavente} and Guisselle {Wismer} and Stephanie {Batio} and Morgan {Eifler} and Pauline {Zheng} and Andrea {Russell} and Marina {Arvanitis} and Daniela {Ladner} and Mary {Kwasny} and Stephen D. {Persell} and Theresa {Rowe} and Jeffrey A. {Linder} and Stacy C. {Bailey}",
	journal="Annals of Internal Medicine",
	volume="173",
	number="2",
	pages="100--109",
	year="2020"
}
@article{Cheng2020TheRO,
  title={The role of community-wide wearing of face mask for control of coronavirus disease 2019 (COVID-19) epidemic due to SARS-CoV-2},
  author={V. Cheng and S. Wong and V. W. Chuang and Simon Y.C. So and J. H. Chen and Siddharth Sridhar and K. K. To and J. Chan and I. Hung and P. Ho and K. Yuen},
  journal={The Journal of Infection},
  year={2020},
  volume={81},
  pages={107 - 114}
}
@article{eikenberry2020to,
	title="To mask or not to mask: Modeling the potential for face mask use by the general public to curtail the COVID-19 pandemic",
	author="Steffen E. {Eikenberry} and Marina {Mancuso} and Enahoro {Iboi} and Tin {Phan} and Keenan {Eikenberry} and Yang {Kuang} and Eric {Kostelich} and Abba B. {Gumel}",
	journal="Infectious Disease Modelling",
	volume="5",
	number="5",
	pages="293-308",
	year="2020"
}
@article{lai2020effect,
  title={Effect of non-pharmaceutical interventions to contain COVID-19 in China},
  author={Lai, Shengjie and Ruktanonchai, Nick W and Zhou, Liangcai and Prosper, Olivia and Luo, Wei and Floyd, Jessica R and Wesolowski, Amy and Santillana, Mauricio and Zhang, Chi and Du, Xiangjun and others},
  year={2020},
  journal={Nature},
  volume={585},
  publisher={Nature Research}
}
@article{biancovilli2020governments,
  title={When governments spread lies, the fight is against two viruses: A study on the novel coronavirus pandemic in Brazil},
  author={Biancovilli, Priscila and Jurberg, Claudia},
  journal={medRxiv},
  year={2020},
  publisher={Cold Spring Harbor Laboratory Press}
}
@article{landi2020should,
  title={Should face masks be worn to contain the spread of COVID-19 in the postlockdown phase?},
  author={Landi, Francesco and Marzetti, Emanuele and Sanguinetti, Maurizio and Ciciarello, Francesca and Tritto, Marcello and Benvenuto, Francesca and Bramato, Giulia and Brandi, Vincenzo and Carf{\`\i}, Angelo and D'Angelo, Emanuela and others},
  journal={Transactions of the Royal Society of Tropical Medicine and Hygiene},
  year={2020},
  publisher={Oxford University Press}
}
@article{jay2020neighbourhood,
  title={Neighbourhood income and physical distancing during the COVID-19 pandemic in the United States},
  author={Jay, Jonathan and Bor, Jacob and Nsoesie, Elaine O and Lipson, Sarah K and Jones, David K and Galea, Sandro and Raifman, Julia},
  journal={Nature Human Behaviour},
  pages={1--9},
  year={2020},
  publisher={Nature Publishing Group}
}
@article{hardin1968tragedy,
  title={The tragedy of the commons},
  author={Hardin, Garrett},
  journal={science},
  volume={162},
  number={3859},
  pages={1243--1248},
  year={1968},
  publisher={American Association for the Advancement of Science}
}
@article{lin2019spatial,
  title={Spatial interactions and oscillatory tragedies of the commons},
  author={Lin, Yu-Hui and Weitz, Joshua S},
  journal={Physical review letters},
  volume={122},
  number={14},
  pages={148102},
  year={2019},
  publisher={APS}
}
@article{gao2016universal,
  title={Universal resilience patterns in complex networks},
  author={Gao, Jianxi and Barzel, Baruch and Barab{\'a}si, Albert-L{\'a}szl{\'o}},
  journal={Nature},
  volume={530},
  number={7590},
  pages={307--312},
  year={2016},
  publisher={Nature Publishing Group}
}
@article{sahasranaman2021spread,
  title={Spread of COVID-19 in urban neighbourhoods and slums of the developing world},
  author={Sahasranaman, Anand and Jensen, Henrik Jeldtoft},
  journal={Journal of the Royal Society Interface},
  volume={18},
  number={174},
  pages={20200599},
  year={2021},
  publisher={The Royal Society}
}
@article{belik2011natural,
  title={Natural human mobility patterns and spatial spread of infectious diseases},
  author={Belik, Vitaly and Geisel, Theo and Brockmann, Dirk},
  journal={Physical Review X},
  volume={1},
  number={1},
  pages={011001},
  year={2011},
  publisher={APS}
}
@article{earn2000a,
	title="A simple model for complex dynamical transitions in epidemics.",
	author="David J. D. {Earn} and Pejman {Rohani} and Benjamin M. {Bolker} and Bryan T. {Grenfell}",
	journal="Science",
	volume="287",
	number="5453",
	pages="667--670",
	notes="Sourced from Microsoft Academic - https://academic.microsoft.com/paper/2012620166",
	year="2000"
}
@article{batty2008size,
  title={The size, scale, and shape of cities},
  author={Batty, Michael},
  journal={science},
  volume={319},
  number={5864},
  pages={769--771},
  year={2008},
  publisher={American Association for the Advancement of Science}
}
@misc{o2013deconstructing,
  title={Deconstructing Resilience: Lessons from Planning Practice: Special Edition of Planning Practice and Research},
  author={O'Hare, Paul and White, Iain},
  year={2013},
  publisher={Taylor \& Francis Group}
}
@article{mcevoy2013resilience,
  title={Resilience and climate change adaptation: the importance of framing},
  author={McEvoy, Darryn and F{\"u}nfgeld, Hartmut and Bosomworth, Karyn},
  journal={Planning Practice \& Research},
  volume={28},
  number={3},
  pages={280--293},
  year={2013},
  publisher={Taylor \& Francis}
}
@article{meerow2016defining,
  title={Defining urban resilience: A review},
  author={Meerow, Sara and Newell, Joshua P and Stults, Melissa},
  journal={Landscape and urban planning},
  volume={147},
  pages={38--49},
  year={2016},
  publisher={Elsevier}
}
@article{plucinski2013clusters,
  title={Clusters of poverty and disease emerge from feedbacks on an epidemiological network},
  author={Pluci{\'n}ski, Mateusz M and Ngonghala, Calistus N and Getz, Wayne M and Bonds, Matthew H},
  journal={Journal of The Royal Society Interface},
  volume={10},
  number={80},
  pages={20120656},
  year={2013},
  publisher={The Royal Society}
}
@article{eguiluz2002epidemic,
  title={Epidemic threshold in structured scale-free networks},
  author={Eguiluz, Victor M and Klemm, Konstantin},
  journal={Physical Review Letters},
  volume={89},
  number={10},
  pages={108701},
  year={2002},
  publisher={APS}
}
@article{brelsford2018toward,
  title={Toward cities without slums: Topology and the spatial evolution of neighborhoods},
  author={Brelsford, Christa and Martin, Taylor and Hand, Joe and Bettencourt, Lu{\'\i}s MA},
  journal={Science advances},
  volume={4},
  number={8},
  pages={eaar4644},
  year={2018},
  publisher={American Association for the Advancement of Science}
}
@book{noah2006structural,
  title={A Structural Theory of Social Influence},
  author={Noah, Friedkin and others},
  year={2006},
  publisher={Cambridge University Press, New York}
}
@article{cottineau2017diverse,
  title={Diverse cities or the systematic paradox of urban scaling laws},
  author={Cottineau, Cl{\'e}mentine and Hatna, Erez and Arcaute, Elsa and Batty, Michael},
  journal={Computers, environment and urban systems},
  volume={63},
  pages={80--94},
  year={2017},
  publisher={Elsevier}
}
@article{kang2020multiscale,
  title={Multiscale dynamic human mobility flow dataset in the US during the COVID-19 epidemic},
  author={Kang, Yuhao and Gao, Song and Liang, Yunlei and Li, Mingxiao and Rao, Jinmeng and Kruse, Jake},
  journal={Scientific data},
  volume={7},
  number={1},
  pages={1--13},
  year={2020},
  publisher={Nature Publishing Group}
}
@article{rozenfeld2008laws,
  title={Laws of population growth},
  author={Rozenfeld, Hern{\'a}n D and Rybski, Diego and Andrade, Jos{\'e} S and Batty, Michael and Stanley, H Eugene and Makse, Hern{\'a}n A},
  journal={Proceedings of the National Academy of Sciences},
  volume={105},
  number={48},
  pages={18702--18707},
  year={2008},
  publisher={National Acad Sciences}
}
@article{makse1995modelling,
  title={Modelling urban growth patterns},
  author={Makse, Hern{\'a}n A and Havlin, Shlomo and Stanley, H Eugene},
  journal={Nature},
  volume={377},
  number={6550},
  pages={608--612},
  year={1995},
  publisher={Nature Publishing Group}
}
@article{wilson2003development,
  title={Development of a geospatial model to quantify, describe and map urban growth},
  author={Wilson, Emily Hoffhine and Hurd, James D and Civco, Daniel L and Prisloe, Michael P and Arnold, Chester},
  journal={Remote sensing of environment},
  volume={86},
  number={3},
  pages={275--285},
  year={2003},
  publisher={Elsevier}
}
@article{masucci2013gravity,
  title={Gravity versus radiation models: On the importance of scale and heterogeneity in commuting flows},
  author={Masucci, A Paolo and Serras, Joan and Johansson, Anders and Batty, Michael},
  journal={Physical Review E},
  volume={88},
  number={2},
  pages={022812},
  year={2013},
  publisher={APS}
}
@book{friedkin2011social,
  title={Social influence network theory: A sociological examination of small group dynamics},
  author={Friedkin, Noah E and Johnsen, Eugene C},
  volume={33},
  year={2011},
  publisher={Cambridge University Press}
}
@article{fujita1997structural,
  title={Structural stability and evolution of urban systems},
  author={Fujita, Masahisa and Mori, Tomoya},
  journal={Regional science and urban economics},
  volume={27},
  number={4-5},
  pages={399--442},
  year={1997},
  publisher={Elsevier}
}
@article{deffuant2000mixing,
  title={Mixing beliefs among interacting agents},
  author={Deffuant, Guillaume and Neau, David and Amblard, Frederic and Weisbuch, G{\'e}rard},
  journal={Advances in Complex Systems},
  volume={3},
  number={01n04},
  pages={87--98},
  year={2000},
  publisher={World Scientific}
}
@article{axelrod1997dissemination,
  title={The dissemination of culture: A model with local convergence and global polarization},
  author={Axelrod, Robert},
  journal={Journal of conflict resolution},
  volume={41},
  number={2},
  pages={203--226},
  year={1997},
  publisher={Sage Periodicals Press 2455 Teller Road, Thousand Oaks, CA 91320}
}
@article{parsegov2016novel,
  title={Novel multidimensional models of opinion dynamics in social networks},
  author={Parsegov, Sergey E and Proskurnikov, Anton V and Tempo, Roberto and Friedkin, Noah E},
  journal={IEEE Transactions on Automatic Control},
  volume={62},
  number={5},
  pages={2270--2285},
  year={2016},
  publisher={IEEE}
}
@article{deng2008pca,
  title={PCA-based land-use change detection and analysis using multitemporal and multisensor satellite data},
  author={Deng, JS and Wang, K and Deng, YH and Qi, GJ},
  journal={International Journal of Remote Sensing},
  volume={29},
  number={16},
  pages={4823--4838},
  year={2008},
  publisher={Taylor \& Francis}
}
@article{rosvall2005networks,
  title={Networks and cities: An information perspective},
  author={Rosvall, Martin and Trusina, Ala and Minnhagen, Petter and Sneppen, Kim},
  journal={Physical Review Letters},
  volume={94},
  number={2},
  pages={028701},
  year={2005},
  publisher={APS}
}
@article{louf2013modeling,
  title={Modeling the polycentric transition of cities},
  author={Louf, R{\'e}mi and Barthelemy, Marc},
  journal={Physical review letters},
  volume={111},
  number={19},
  pages={198702},
  year={2013},
  publisher={APS}
}
@article{courtat2011mathematics,
  title={Mathematics and morphogenesis of cities: A geometrical approach},
  author={Courtat, Thomas and Gloaguen, Catherine and Douady, Stephane},
  journal={Physical Review E},
  volume={83},
  number={3},
  pages={036106},
  year={2011},
  publisher={APS}
}
@article{friesen2018similar,
  title={The similar size of slums},
  author={Friesen, John and Taubenb{\"o}ck, Hannes and Wurm, Michael and Pelz, Peter F},
  journal={Habitat International},
  volume={73},
  pages={79--88},
  year={2018},
  publisher={Elsevier}
}
@article{pelz2019similar,
title={Similar size of slums caused by a Turing instability of migration behavior},
author={Pelz, Peter F and Friesen, John and Hartig, Jakob},
journal={Physical Review E},
volume={99},
number={2},
pages={022302},
year={2019},
publisher={APS}
}
@book{luhmann1984soziale,
  title={Soziale systeme: grundriss einer allgemeinen theorie},
  author={Luhmann, Niklas},
  year={1984},
  publisher={Suhrkamp}
}
@inproceedings{palmason2005classification,
  title={Classification of hyperspectral data from urban areas using morphological preprocessing and independent component analysis},
  author={Palmason, Jon Aevar and Benediktsson, Jon Atli and Sveinsson, Johannes R and Chanussot, Jocelyn},
  booktitle={Proceedings. 2005 IEEE International Geoscience and Remote Sensing Symposium, 2005. IGARSS'05.},
  volume={1},
  pages={4--pp},
  year={2005},
  organization={IEEE}
}
@article{nagendra2003principal,
  title={Principal component analysis of urban traffic characteristics and meteorological data},
  author={Nagendra, SM Shiva and Khare, Mukesh},
  journal={Transportation Research Part D: Transport and Environment},
  volume={8},
  number={4},
  pages={285--297},
  year={2003},
  publisher={Elsevier}
}
@article{bosetti2020heterogeneity,
  title={Heterogeneity in social and epidemiological factors determines the risk of measles outbreaks},
  author={Bosetti, Paolo and Poletti, Piero and Stella, Massimo and Lepri, Bruno and Merler, Stefano and De Domenico, Manlio},
  journal={Proceedings of the National Academy of Sciences},
  volume={117},
  number={48},
  pages={30118--30125},
  year={2020},
  publisher={National Acad Sciences}
}
@inproceedings{bendimerad2016unsupervised,
  title={Unsupervised exceptional attributed sub-graph mining in urban data},
  author={Bendimerad, Ahmed Anes and Plantevit, Marc and Robardet, C{\'e}line},
  booktitle={2016 IEEE 16th International Conference on Data Mining (ICDM)},
  pages={21--30},
  year={2016},
  organization={IEEE}
}
@article{behnisch2009urban,
  title={Urban data-mining: spatiotemporal exploration of multidimensional data},
  author={Behnisch, Martin and Ultsch, Alfred},
  journal={Building Research \& Information},
  volume={37},
  number={5-6},
  pages={520--532},
  year={2009},
  publisher={Taylor \& Francis}
}
@article{song2010limits,
  title={Limits of predictability in human mobility},
  author={Song, Chaoming and Qu, Zehui and Blumm, Nicholas and Barab{\'a}si, Albert-L{\'a}szl{\'o}},
  journal={Science},
  volume={327},
  number={5968},
  pages={1018--1021},
  year={2010},
  publisher={American Association for the Advancement of Science}
}
@article{stewart1950development,
  title={The development of social physics},
  author={Stewart, John Q},
  journal={American Journal of Physics},
  volume={18},
  number={5},
  pages={239--253},
  year={1950},
  publisher={American Association of Physics Teachers}
}
@article{may1972will,
  title={Will a large complex system be stable?},
  author={May, Robert M},
  journal={Nature},
  volume={238},
  number={5364},
  pages={413--414},
  year={1972},
  publisher={Nature Publishing Group}
}
@book{batty2013new,
  title={The new science of cities},
  author={Batty, Michael},
  year={2013},
  publisher={MIT press}
}
@book{mirowski1991more,
  title={More heat than light: economics as social physics, physics as nature's economics},
  author={Mirowski, Philip},
  year={1991},
  publisher={Cambridge University Press}
}
@article{mijling2012using,
  title={Using daily satellite observations to estimate emissions of short-lived air pollutants on a mesoscopic scale},
  author={Mijling, B and Van Der A, RJ},
  journal={Journal of Geophysical Research: Atmospheres},
  volume={117},
  number={D17},
  year={2012},
  publisher={Wiley Online Library}
}
@article{raimbault2018calibration,
  title={Calibration of a density-based model of urban morphogenesis},
  author={Raimbault, Juste},
  journal={PloS one},
  volume={13},
  number={9},
  pages={e0203516},
  year={2018},
  publisher={Public Library of Science San Francisco, CA USA}
}
@article{lomi2000density,
  title={Density dependence and spatial duality in organizational founding rates: Danish commercial banks, 1846-1989},
  author={Lomi, Alessandro},
  journal={Organization Studies},
  volume={21},
  number={2},
  pages={433--461},
  year={2000},
  publisher={Walter de Gruyter Berlin/New York}
}
@article{gordon1986distribution,
  title={The distribution of population and employment in a polycentric city: the case of Los Angeles},
  author={Gordon, Peter and Richardson, Harry W and Wong, Hung Leung},
  journal={Environment and planning A},
  volume={18},
  number={2},
  pages={161--173},
  year={1986},
  publisher={SAGE Publications Sage UK: London, England}
}
@article{mcmillen1997nonparametric,
  title={A nonparametric analysis of employment density in a polycentric city},
  author={McMillen, Daniel P and McDonald, John F},
  journal={Journal of Regional Science},
  volume={37},
  number={4},
  pages={591--612},
  year={1997},
  publisher={Wiley Online Library}
}
@article{barter2019manifold,
  title={Manifold cities: social variables of urban areas in the UK},
  author={Barter, Edmund and Gross, Thilo},
  journal={Proceedings of the Royal Society A},
  volume={475},
  number={2221},
  pages={20180615},
  year={2019},
  publisher={The Royal Society Publishing}
}
@article{acheampong2015land,
  title={Land use--transport interaction modeling: A review of the literature and future research directions},
  author={Acheampong, Ransford A and Silva, Elisabete A},
  journal={Journal of Transport and Land use},
  volume={8},
  number={3},
  pages={11--38},
  year={2015},
  publisher={JSTOR}
}
@article{song2010modelling,
  title={Modelling the scaling properties of human mobility},
  author={Song, Chaoming and Koren, Tal and Wang, Pu and Barab{\'a}si, Albert-L{\'a}szl{\'o}},
  journal={Nature physics},
  volume={6},
  number={10},
  pages={818--823},
  year={2010},
  publisher={Nature Publishing Group}
}
@article{riccardo2012towards,
  title={Towards a statistical physics of human mobility},
  author={Riccardo, Gallotti and Armando, Bazzani and Sandro, Rambaldi},
  journal={International Journal of Modern Physics C},
  volume={23},
  number={09},
  pages={1250061},
  year={2012},
  publisher={World Scientific}
}
@article{liu2020modeling,
  title={Modeling confirmation bias and peer pressure in opinion dynamics},
  author={Liu, Longzhao and Wang, Xin and Tang, Shaoting and Zheng, Zhiming},
  journal={arXiv preprint arXiv:2012.10838},
  year={2020}
}
@article{wang2020public,
  title={Public discourse and social network echo chambers driven by socio-cognitive biases},
  author={Wang, Xin and Sirianni, Antonio D and Tang, Shaoting and Zheng, Zhiming and Fu, Feng},
  journal={Physical Review X},
  volume={10},
  number={4},
  pages={041042},
  year={2020},
  publisher={APS}
}
@article{fujita1982multiple,
  title={Multiple equilibria and structural transition of non-monocentric urban configurations},
  author={Fujita, Masahisa and Ogawa, Hideaki},
  journal={Regional science and urban economics},
  volume={12},
  number={2},
  pages={161--196},
  year={1982},
  publisher={Elsevier}
}
@article{batty1971modelling,
  title={Modelling cities as dynamic systems},
  author={Batty, Michael},
  journal={Nature},
  volume={231},
  number={5303},
  pages={425--428},
  year={1971},
  publisher={Nature Publishing Group}
}
@article{appleyard1980livable,
  title={Livable streets: protected neighborhoods?},
  author={Appleyard, Donald},
  journal={The ANNALS of the American Academy of Political and Social Science},
  volume={451},
  number={1},
  pages={106--117},
  year={1980},
  publisher={Sage Publications Sage CA: Thousand Oaks, CA}
}
@book{appleyard1976liveable,
  title={Liveable Urban Streets: Managing Auto Traffic in Neighborhoods: Final Report: Prepared for Federal Highway Administration, Department of Transportation...},
  author={Appleyard, Donald and Gerson, M Sue and Lintell, Mark},
  year={1976},
  publisher={US Department of Transportation, Federal Highway Administration}
}
@article{wachowicz2016finding,
  title={Finding spatial outliers in collective mobility patterns coupled with social ties},
  author={Wachowicz, Monica and Liu, Tianyu},
  journal={International Journal of Geographical Information Science},
  volume={30},
  number={9},
  pages={1806--1831},
  year={2016},
  publisher={Taylor \& Francis}
}
@article{dong2020spectral,
  title={The spectral dimension of human mobility},
  author={Dong, Lei and O'Keeffe, Kevin and Santi, Paolo and Vazifeh, Mohammad and Anklesaria, Samuel and Schl{\"a}pfer, Markus and West, Geoffrey and Ratti, Carlo},
  journal={arXiv preprint arXiv:2002.06740},
  year={2020}
}
@article{jiang2017collective,
  title={A collective human mobility analysis method based on data usage detail records},
  author={Jiang, Hao and Li, Qian and Zhou, Xian and Chen, Yanqiu and Yi, Shuwen and Wang, Hai and Lu, Zheng},
  journal={International Journal of Geographical Information Science},
  volume={31},
  number={12},
  pages={2359--2381},
  year={2017},
  publisher={Taylor \& Francis}
}
@article{peng2012collective,
  title={Collective human mobility pattern from taxi trips in urban area},
  author={Peng, Chengbin and Jin, Xiaogang and Wong, Ka-Chun and Shi, Meixia and Li{\`o}, Pietro},
  journal={PloS one},
  volume={7},
  number={4},
  pages={e34487},
  year={2012},
  publisher={Public Library of Science}
}
@article{brockmann2006scaling,
  title={The scaling laws of human travel},
  author={Brockmann, Dirk and Hufnagel, Lars and Geisel, Theo},
  journal={Nature},
  volume={439},
  number={7075},
  pages={462--465},
  year={2006},
  publisher={Nature Publishing Group}
}
@article{mantegna1994stochastic,
  title={Stochastic process with ultraslow convergence to a Gaussian: the truncated L{\'e}vy flight},
  author={Mantegna, Rosario N and Stanley, H Eugene},
  journal={Physical Review Letters},
  volume={73},
  number={22},
  pages={2946},
  year={1994},
  publisher={APS}
}
@article{metzler2007some,
title={Some fundamental aspects of L{\'e}vy flights},
author={Metzler, Ralf and Chechkin, Aleksei V and Gonchar, Vsevolod Yu and Klafter, Joseph},
journal={Chaos, Solitons \& Fractals},
volume={34},
number={1},
pages={129--142},
year={2007},
publisher={Elsevier}
}
@article {Hidalgo10570,
	author = {Hidalgo, C{\'e}sar A. and Hausmann, Ricardo},
	title = {The building blocks of economic complexity},
	volume = {106},
	number = {26},
	pages = {10570--10575},
	year = {2009},
	doi = {10.1073/pnas.0900943106},
	publisher = {National Academy of Sciences},
	issn = {0027-8424},
	URL = {https://www.pnas.org/content/106/26/10570},
	eprint = {https://www.pnas.org/content/106/26/10570.full.pdf},
	journal = {Proceedings of the National Academy of Sciences}
}
@article{christakis2008collective,
  title={The collective dynamics of smoking in a large social network},
  author={Christakis, Nicholas A and Fowler, James H},
  journal={New England journal of medicine},
  volume={358},
  number={21},
  pages={2249--2258},
  year={2008},
  publisher={Mass Medical Soc}
}
@article{centola2010spread,
  title={The spread of behavior in an online social network experiment},
  author={Centola, Damon},
  journal={science},
  volume={329},
  number={5996},
  pages={1194--1197},
  year={2010},
  publisher={American Association for the Advancement of Science}
}
@article{christakis2007spread,
  title={The spread of obesity in a large social network over 32 years},
  author={Christakis, Nicholas A and Fowler, James H},
  journal={New England journal of medicine},
  volume={357},
  number={4},
  pages={370--379},
  year={2007},
  publisher={Mass Medical Soc}
}
@article{van2020face,
  title={Face coverings for covid-19: from medical intervention to social practice},
  author={van der Westhuizen, Helene-Mari and Kotze, Koot and Tonkin-Crine, Sarah and Gobat, Nina and Greenhalgh, Trisha},
  journal={bmj},
  volume={370},
  year={2020},
  publisher={British Medical Journal Publishing Group}
}
@article{erku2020fear,
  title={When fear and misinformation go viral: Pharmacists' role in deterring medication misinformation during the'infodemic'surrounding COVID-19},
  author={Erku, Daniel A and Belachew, Sewunet A and Abrha, Solomon and Sinnollareddy, Mahipal and Thomas, Jackson and Steadman, Kathryn J and Tesfaye, Wubshet H},
  journal={Research in Social and Administrative Pharmacy},
  year={2020},
  publisher={Elsevier}
}
@article{centola2007complex,
  title={Complex contagions and the weakness of long ties},
  author={Centola, Damon and Macy, Michael},
  journal={American journal of Sociology},
  volume={113},
  number={3},
  pages={702--734},
  year={2007},
  publisher={The University of Chicago Press}
}
@article{zhang2016support,
  title={Support or competition? How online social networks increase physical activity: A randomized controlled trial},
  author={Zhang, Jingwen and Brackbill, Devon and Yang, Sijia and Becker, Joshua and Herbert, Natalie and Centola, Damon},
  journal={Preventive medicine reports},
  volume={4},
  pages={453--458},
  year={2016},
  publisher={Elsevier}
}
@article{gao2019effects,
  title={Effects of awareness and policy on green behavior spreading in multiplex networks},
  author={Gao, Xingyu and Tian, Lixin},
  journal={Physica A: Statistical Mechanics and Its Applications},
  volume={514},
  pages={226--234},
  year={2019},
  publisher={Elsevier}
}
@book{mollison1995epidemic,
  title={Epidemic models: their structure and relation to data},
  author={Mollison, Denis and Denis, Mollison},
  volume={5},
  year={1995},
  publisher={Cambridge University Press}
}
@article{hebert2020beyond,
  title={Beyond R 0: heterogeneity in secondary infections and probabilistic epidemic forecasting},
  author={H{\'e}bert-Dufresne, Laurent and Althouse, Benjamin M and Scarpino, Samuel V and Allard, Antoine},
  journal={Journal of the Royal Society Interface},
  volume={17},
  number={172},
  pages={20200393},
  year={2020},
  publisher={The Royal Society}
}
@article{ribeiro2020city,
  title={City size and the spreading of COVID-19 in Brazil},
  author={Ribeiro, Haroldo V and Sunahara, Andre S and Sutton, Jack and Perc, Matja{\v{z}} and Hanley, Quentin S},
  journal={PloS one},
  volume={15},
  number={9},
  pages={e0239699},
  year={2020},
  publisher={Public Library of Science San Francisco, CA USA}
}
@article{castellano2009statistical,
  title={Statistical physics of social dynamics},
  author={Castellano, Claudio and Fortunato, Santo and Loreto, Vittorio},
  journal={Reviews of modern physics},
  volume={81},
  number={2},
  pages={591},
  year={2009},
  publisher={APS}
}
@article{holme2006nonequilibrium,
  title={Nonequilibrium phase transition in the coevolution of networks and opinions},
  author={Holme, Petter and Newman, Mark EJ},
  journal={Physical Review E},
  volume={74},
  number={5},
  pages={056108},
  year={2006},
  publisher={APS}
}
@article{weill2020social,
  title={Social distancing responses to COVID-19 emergency declarations strongly differentiated by income},
  author={Weill, Joakim A and Stigler, Matthieu and Deschenes, Olivier and Springborn, Michael R},
  journal={Proceedings of the National Academy of Sciences},
  volume={117},
  number={33},
  pages={19658--19660},
  year={2020},
  publisher={National Acad Sciences}
}
@article{sugaya2020real,
  title={A real-time survey on the psychological impact of mild lockdown for COVID-19 in the Japanese population},
  author={Sugaya, Nagisa and Yamamoto, Tetsuya and Suzuki, Naho and Uchiumi, Chigusa},
  journal={Scientific Data},
  volume={7},
  number={1},
  pages={1--6},
  year={2020},
  publisher={Nature Publishing Group}
} 
@article{enberg2020covid,
  title={How COVID-19 Is Testing Social Media’s Ability to Fight Misinformation},
  author={Enberg, Jasmine},
  journal={eMarketer, Apr},
  volume={18},
  year={2020}
}
@article{centola2011experimental,
  title={An experimental study of homophily in the adoption of health behavior},
  author={Centola, Damon},
  journal={Science},
  volume={334},
  number={6060},
  pages={1269--1272},
  year={2011},
  publisher={American Association for the Advancement of Science}
}
@article{Li2017Simple,
	title = {Simple spatial scaling rules behind complex cities},
	author = {Li, Ruiqi and Dong, Lei and Zhang, Jiang and Wang, Xinran and Wang, Wen Xu and Di, Zengru and Stanley, H.
	Eugene},
	journal = {Nature Communications},
	volume = {8},
	number = {1},
	pages = {1841},
	year = {2017},
}
@article{nanda2017spatial,
  title={Spatial evolutionary games with weak selection},
  author={Nanda, Mridu and Durrett, Richard},
  journal={Proceedings of the National Academy of Sciences},
  volume={114},
  number={23},
  pages={6046--6051},
  year={2017},
  publisher={National Acad Sciences}
}