@article{schelling1971dynamic,
  title={Dynamic models of segregation},
  author={Schelling, Thomas C},
  journal={Journal of mathematical sociology},
  volume={1},
  number={2},
  pages={143--186},
  year={1971},
  publisher={Taylor \& Francis}
}
@article{1960The,
  title={The Critical Community Size for Measles in the United States},
  author={ Bartlett, M. S. },
  journal={Journal of the Royal Statal Society: Series A (General)},
  volume={123},
  year={1960},
}
@article{kalkstein1989weather,
title={Weather and Human Mortality: An Evaluation of Demographic and Interregional Responses in the United States},
author={Kalkstein, Laurence S and Davis, Robert E},
journal={Annals of The Association of American Geographers},
volume={79},
number={1},
pages={44--64},
year={1989}
}
@article{estrada2017a,
title={A global economic assessment of city policies to reduce climate change impacts},
author={Estrada, Francisco and Botzen, W J Wouter and Tol, Richard S J},
journal={Nature Climate Change},
volume={7},
number={6},
pages={403--406},
year={2017}
}
@article{stone2015,
	title={Rising heat wave trends in large US cities},
	author={Habeeb, D. and Vargo, J. and Stone, B.},
	journal={Nat Hazards},
	volume={76},
	pages={1651--1665},
	year={2015},
	publisher={Springer Publishing Group},
	doi={10.1007/s11069-014-1563-z}
}
@article{tan2010the,
title={The urban heat island and its impact on heat waves and human health in Shanghai},
author={Tan, Jin and Zheng, Yvonne and Tang, Xiaochao and Guo, Changyi and Li, Louman and Song, Guixiang and Zhen, Xinrong and Yuan, Dong and Kalkstein, Adam J and Li, Feng and others},
journal={International Journal of Biometeorology},
volume={54},
number={1},
pages={75--84},
year={2010}
}
@article{milan2015reducing,
title={Reducing urban heat wave risk in the 21st century},
author={Milan, Blanca Fernandez and Creutzig, Felix},
journal={Current Opinion in Environmental Sustainability},
volume={14},
pages={221--231},
year={2015}
}
@article{zhao2014strong,
title={Strong contributions of local background climate to urban heat islands},
author={Zhao, Lei and Lee, Xuhui and Smith, Ronald B and Oleson, Keith W},
journal={Nature},
volume={511},
number={7508},
pages={216--219},
year={2014}
}
@article{Chapman2017The,
  title={The impact of urbanization and climate change on urban temperatures: a systematic review},
  author={Chapman, Sarah and Watson, James E. M. and Salazar, Alvaro and Thatcher, Marcus and Mcalpine, Clive A.},
  journal={Landscape Ecology},
  year={2017},
}
@article{chakraborty2019disproportionately,
title={Disproportionately higher exposure to urban heat in lower-income neighborhoods: a multi-city perspective},
author={Chakraborty, Tirthankar and Hsu, Angel and Manya, Diego and Sheriff, Glenn},
journal={Environmental Research Letters},
volume={14},
number={10},
pages={105003},
year={2019}
}
@article{Yunfei2020On,
  title={On the influence of density and morphology on the Urban Heat Island intensity},
  author={Yunfei Li and sebastian schubert and Jürgen P. Kropp and Diego Rybski},
  journal={Nature Communications},
  volume={11},
  number={2647},
  year={2020},
}
@article{skellam1951random,
  title={Random dispersal in theoretical populations},
  author={Skellam, John Gordon},
  journal={Biometrika},
  volume={38},
  number={1/2},
  pages={196--218},
  year={1951},
  publisher={JSTOR}
}
@article{Chakraborty_2019,
	doi = {10.1088/1748-9326/ab3b99},
	url = {https://doi.org/10.1088%2F1748-9326%2Fab3b99},
	year = 2019,
	month = {sep},
	publisher = {{IOP} Publishing},
	volume = {14},
	number = {10},
	pages = {105003},
	author = {T Chakraborty and A Hsu and D Manya and G Sheriff},
	title = {Disproportionately higher exposure to urban heat in lower-income neighborhoods: a multi-city perspective},
	journal = {Environmental Research Letters}
}
@article{spatialwaveallee,
author = {Barton, N. H. and Turelli, Michael},
title = {Spatial Waves of Advance with Bistable Dynamics: Cytoplasmic and Genetic Analogues of Allee Effects.},
journal = {The American Naturalist},
volume = {178},
number = {3},
pages = {E48-E75},
year = {2011},
doi = {10.1086/661246}
}
@article{alleeevidence,
author = {Kramer, Andrew M. and Dennis, Brian and Liebhold, Andrew M. and Drake, John M.},
title = {The evidence for Allee effects},
journal = {Population Ecology},
volume = {51},
number = {3},
pages = {341},
keywords = {Critical density, Depensation, Inverse density dependence, Mate limitation, Predator satiation, Positive density dependence},
doi = {10.1007/s10144-009-0152-6}
}
@article{PhysRevX.7.031008,
  title = {Spatial Evolution of Human Dialects},
  author = {Burridge, James},
  journal = {Phys. Rev. X},
  volume = {7},
  issue = {3},
  pages = {031008},
  numpages = {27},
  year = {2017},
  month = {Jul},
  publisher = {American Physical Society},
  doi = {10.1103/PhysRevX.7.031008},
  url = {https://link.aps.org/doi/10.1103/PhysRevX.7.031008}
}
@article{brandt2012an,
title={An analysis of one-dimensional schelling segregation},
author={Brandt, Christina and Immorlica, Nicole and Kamath, Gautam and Kleinberg, Robert},
pages={789--804},
year={2012}
}
@article{durrett2014exact,
  title={Exact solution for a metapopulation version of Schelling’s model},
  author={Durrett, Richard and Zhang, Yuan},
  journal={Proceedings of the National Academy of Sciences},
  volume={111},
  number={39},
  pages={14036--14041},
  year={2014},
  publisher={National Acad Sciences}
}

@misc{SuppInfo,
title = {See Supplementary Materials for Vicissitudes of Cities Driven by Redistributive Growth at \url{gxiu.github.io} for additional text and figures supporting our results.}
}
@article {Hidalgo10570,
	author = {Hidalgo, C{\'e}sar A. and Hausmann, Ricardo},
	title = {The building blocks of economic complexity},
	volume = {106},
	number = {26},
	pages = {10570--10575},
	year = {2009},
	doi = {10.1073/pnas.0900943106},
	publisher = {National Academy of Sciences},
	issn = {0027-8424},
	URL = {https://www.pnas.org/content/106/26/10570},
	eprint = {https://www.pnas.org/content/106/26/10570.full.pdf},
	journal = {Proceedings of the National Academy of Sciences}
}

@article{Li2017Simple,
	title = {Simple spatial scaling rules behind complex cities},
	author = {Li, Ruiqi and Dong, Lei and Zhang, Jiang and Wang, Xinran and Wang, Wen Xu and Di, Zengru and Stanley, H.
	Eugene},
	journal = {Nature Communications},
	volume = {8},
	number = {1},
	pages = {1841},
	year = {2017},
}
@article{nanda2017spatial,
  title={Spatial evolutionary games with weak selection},
  author={Nanda, Mridu and Durrett, Richard},
  journal={Proceedings of the National Academy of Sciences},
  volume={114},
  number={23},
  pages={6046--6051},
  year={2017},
  publisher={National Acad Sciences}
}
@article{PhysRevE.55.R3817,
	title = {Quasispecies evolution of finite populations},
	author = {Zhang, Yi-Cheng},
	journal = {Phys. Rev. E},
	volume = {55},
	issue = {4},
	pages = {R3817--R3819},
	numpages = {0},
	year = {1997},
	month = {Apr},
	publisher = {American Physical Society},
	doi = {10.1103/PhysRevE.55.R3817},
	url = {https://link.aps.org/doi/10.1103/PhysRevE.55.R3817}
}

@article{PhysRevE.58.7054,
	title = {Modeling urban growth patterns with correlated percolation},
	author = {Makse, Hern'an A. and Andrade, Jos'e S. and Batty, Michael and Havlin, Shlomo and Stanley, H. Eugene},
	journal = {Phys. Rev. E},
	volume = {58},
	issue = {6},
	pages = {7054--7062},
	numpages = {0},
	year = {1998},
	month = {Dec},
	publisher = {American Physical Society},
	doi = {10.1103/PhysRevE.58.7054},
	url = {https://link.aps.org/doi/10.1103/PhysRevE.58.7054}
}

@article{PhysRevE.65.037106,
	title = {Fractional Langevin model of memory in financial time series},
	author = {West, Bruce J. and Picozzi, Sergio},
	journal = {Phys. Rev. E},
	volume = {65},
	issue = {3},
	pages = {037106},
	numpages = {3},
	year = {2002},
	month = {Mar},
	publisher = {American Physical Society},
	doi = {10.1103/PhysRevE.65.037106},
	url = {https://link.aps.org/doi/10.1103/PhysRevE.65.037106}
}

@article{PhysRevE.90.042815,
	title = {Zipf's law in city size from a resource utilization model},
	author = {Ghosh, Asim and Chatterjee, Arnab and Chakrabarti, Anindya S. and Chakrabarti, Bikas K.},
	journal = {Phys. Rev. E},
	volume = {90},
	issue = {4},
	pages = {042815},
	numpages = {7},
	year = {2014},
	month = {Oct},
	publisher = {American Physical Society},
	doi = {10.1103/PhysRevE.90.042815},
	url = {https://link.aps.org/doi/10.1103/PhysRevE.90.042815}
}

@article{PhysRevLett.79.523,
	title = {Role of Intermittency in Urban Development: A Model of Large-Scale City Formation},
	author = {Zanette, Dami'an H. and Manrubia, Susanna C.},
	journal = {Phys. Rev. Lett.},
	volume = {79},
	issue = {3},
	pages = {523--526},
	numpages = {0},
	year = {1997},
	month = {Jul},
	publisher = {American Physical Society},
	doi = {10.1103/PhysRevLett.79.523},
	url = {https://link.aps.org/doi/10.1103/PhysRevLett.79.523}
}

@article{RevModPhys.87.925,
	title = {Epidemic processes in complex networks},
	author = {Pastor-Satorras, Romualdo and Castellano, Claudio and Van Mieghem, Piet and Vespignani, Alessandro},
	journal = {Rev. Mod. Phys.},
	volume = {87},
	issue = {3},
	pages = {925--979},
	numpages = {55},
	year = {2015},
	month = {Aug},
	publisher = {American Physical Society},
	doi = {10.1103/RevModPhys.87.925},
	url = {https://link.aps.org/doi/10.1103/RevModPhys.87.925}
}

@article{WANG2019121921,
	title = "An extended exploration and preferential return model for human mobility simulation at individual and
	collective levels",
	journal = "Physica A: Statistical Mechanics and its Applications",
	volume = "534",
	pages = "121921",
	year = "2019",
	issn = "0378-4371",
	doi = "https://doi.org/10.1016/j.physa.2019.121921",
	url = "http://www.sciencedirect.com/science/article/pii/S037843711931129X",
	author = "Jianying Wang and Lei Dong and Ximeng Cheng and Weijun Yang and Yu Liu",
}
@article{PhysRevX.4.011008,
	title = {Spatially Distributed Social Complex Networks},
	author = {Frasco, Gerald F. and Sun, Jie and Rozenfeld, Hern\'an D. and ben-Avraham, Daniel},
	journal = {Phys. Rev. X},
	volume = {4},
	issue = {1},
	pages = {011008},
	numpages = {9},
	year = {2014},
	month = {Jan},
	publisher = {American Physical Society},
	doi = {10.1103/PhysRevX.4.011008},
	url = {https://link.aps.org/doi/10.1103/PhysRevX.4.011008},
}
@article{anas1998urban,
	title={Urban spatial structure},
	author={Anas, Alex and Arnott, Richard and Small, Kenneth A},
	journal={Journal of economic literature},
	volume={36},
	number={3},
	pages={1426--1464},
	year={1998},
	publisher={JSTOR}
}

@incollection{atkinson2012urban,
	title={Urban Governance and Competitiveness: Improving ‘urban attractiveness’},
	author={Atkinson, Rob},
	booktitle={Regieren},
	pages={297--312},
	year={2012},
	publisher={Springer}
}

@techreport{axtell2001emergent,
	title={Emergent cities: a microeconomic explanation for Zipf's law},
	author={Axtell, Robert and Florida, Richard and others},
	year={2001},
	institution={Society for Computational Economics}
}

@article{batty1992form,
	title = {Form follows function: reformulating urban population density functions},
	author = {Batty, Michael and Sik Kim, Kwang},
	journal = {Urban studies},
	volume = {29},
	number = {7},
	pages = {1043--1069},
	year = {1992},
	publisher = {Sage Publications Sage UK: London, England},
}

@book{batty1994fractal,
	title={Fractal cities: a geometry of form and function},
	author={Batty, Michael and Longley, Paul A},
	year={1994},
	publisher={Academic press}
}

@book{batty2007cities,
	title={Cities and complexity: understanding cities with cellular automata, agent-based models, and fractals},
	author={Batty, Michael},
	year={2007},
	publisher={The MIT press}
}

@article{batty2008size,
	title={The size, scale, and shape of cities},
	author={Batty, Michael},
	journal={science},
	volume={319},
	number={5864},
	pages={769--771},
	year={2008},
	publisher={American Association for the Advancement of Science}
}

@article{batty2017urban,
	title={Urban studies: Diverse cities, successful cities},
	author={Batty, Michael},
	journal={Nature Human Behaviour},
	volume={1},
	number={1},
	pages={1--2},
	year={2017},
	publisher={Nature Publishing Group}
}

@article{batty2019urbanscalinglaw,
	author = {Diego Rybski and Elsa Arcaute and Michael Batty},
	title ={Urban scaling laws	},
	journal = {Environment and Planning B: Urban Analytics and City Science},
	volume = {46},
	number = {9},
	pages = {1605-1610},
	year = {2019},
	doi = {10.1177/2399808319886125},
}
@book{Cormen2001Introduction,
  title={Introduction to Algorithms, 2nd edition.},
  author={Cormen, Th and Leiserson, Ce and Rivest, Rl and Stein, C},
  press={MIT Press},
  year={2001},
}
@article{bettencourt2007growth,
	title={Growth, innovation, scaling, and the pace of life in cities},
	author={Bettencourt, Lu{'\i}s MA and Lobo, Jos{'e} and Helbing, Dirk and K{"u}hnert, Christian and West, Geoffrey B},
	journal={Proceedings of the national academy of sciences},
	volume={104},
	number={17},
	pages={7301--7306},
	year={2007},
	publisher={National Acad Sciences}
}

@article{ccolak2016understanding,
	title={Understanding congested travel in urban areas},
	author={{\c{C}}olak, Serdar and Lima, Antonio and Gonz{'a}lez, Marta C},
	journal={Nature communications},
	volume={7},
	number={1},
	pages={1--8},
	year={2016},
	publisher={Nature Publishing Group}
}

@article{clark1951urban,
	title = {Urban population densities},
	author = {Clark, Colin},
	journal = {Journal of the Royal Statistical Society},
	volume = {114},
	number = {4},
	pages = {490--496},
	year = {1951},
}

@article{court2013origins,
	title={The origins of scaling in cities},
	author={Bettencourt, Lu{'\i}s MA},
	journal={science},
	volume={340},
	number={6139},
	pages={1438--1441},
	year={2013},
	publisher={American Association for the Advancement of Science}
}

@article{doi:10.1137/0150099,
	author = {Britton, N. F.},
	title = {Spatial Structures and Periodic Travelling Waves in an Integro-Differential Reaction-Diffusion Population Model},
	journal = {SIAM Journal on Applied Mathematics},
	volume = {50},
	number = {6},
	pages = {1663-1688},
	year = {1990},
	doi = {10.1137/0150099},
	URL = {https://doi.org/10.1137/0150099}
}
@book{durrett1999essentials,
	title = {Essentials of stochastic processes},
	author = {Durrett, Richard and Durrett, R},
	volume = {1},
	year = {1999},
	publisher = {Springer},
}

@article{fujita1976spatial,
	title={Spatial patterns of urban growth: Optimum and market},
	author={Fujita, Masahisa},
	journal={Journal of Urban Economics},
	volume={3},
	number={3},
	pages={209--241},
	year={1976},
	publisher={Elsevier}
}

@article{gabaix1999zipf's,
	title = {Zipf's Law for Cities: An Explanation},
	author = {Gabaix, Xavier},
	journal = {Quarterly Journal of Economics},
	volume = {114},
	number = {3},
	pages = {739--767},
	year = {1999},
}


@incollection{gabaix2004evolution,
	title={The evolution of city size distributions},
	author={Gabaix, Xavier and Ioannides, Yannis M},
	booktitle={Handbook of regional and urban economics},
	volume={4},
	pages={2341--2378},
	year={2004},
	publisher={Elsevier}
}

@article{girardin2009quantifying,
	title={Quantifying urban attractiveness from the distribution and density of digital footprints},
	author={Girardin, Fabien and Vaccari, Andrea and Gerber, Alexander and Biderman, Assaf and Ratti, Carlo},
	year={2009},
	journal={International Journal of Spatial Data Infrastructures Research},
	publisher={Joint Research Centre of the European Commission}
}

@article{gomez2018explaining,
	title={Explaining the prevalence, scaling and variance of urban phenomena},
	author={Gomez-Lievano, Andres and Patterson-Lomba, Oscar and Hausmann, Ricardo},
	journal={Nature Energy},
	pages={1--9},
	year={2018},
	publisher={Nature Publishing Group}
}

@article{haase2014conceptualizing,
	title={Conceptualizing urban shrinkage},
	author={Haase, Annegret and Rink, Dieter and Grossmann, Katrin and Bernt, Matthias and Mykhnenko, Vlad},
	journal={Environment and Planning A},
	volume={46},
	number={7},
	pages={1519--1534},
	year={2014},
	publisher={SAGE Publications Sage UK: London, England}
}

@article{kleinberg2000navigation,
	title={Navigation in a small world},
	author={Kleinberg, Jon M},
	journal={Nature},
	volume={406},
	number={6798},
	pages={845--845},
	year={2000},
	publisher={Nature Publishing Group}
}

@article{louf2014congestion,
	title={How congestion shapes cities: from mobility patterns to scaling},
	author={Louf, R{'e}mi and Barthelemy, Marc},
	journal={Scientific reports},
	volume={4},
	number={1},
	pages={1--9},
	year={2014},
	publisher={Nature Publishing Group}
}

@article{makse1995modelling,
	title={Modelling urban growth patterns},
	author={Makse, Hern{'a}n A and Havlin, Shlomo and Stanley, H Eugene},
	journal={Nature},
	volume={377},
	number={6550},
	pages={608--612},
	year={1995},
	publisher={Nature Publishing Group}
}

@article{marsili1998interacting,
	title={Interacting individuals leading to Zipf's law},
	author={Marsili, Matteo and Zhang, Yi-Cheng},
	journal={Physical review letters},
	volume={80},
	number={12},
	pages={2741},
	year={1998},
	publisher={APS}
}
@article{PhysRevE.93.012112,
  title = {Kinetic theory of age-structured stochastic birth-death processes},
  author = {Greenman, Chris D. and Chou, Tom},
  journal = {Phys. Rev. E},
  volume = {93},
  issue = {1},
  pages = {012112},
  numpages = {8},
  year = {2016},
  month = {Jan},
  publisher = {American Physical Society},
  doi = {10.1103/PhysRevE.93.012112},
  url = {https://link.aps.org/doi/10.1103/PhysRevE.93.012112}
}

@article{miles1970homogeneous,
	title={On the homogeneous planar Poisson point process},
	author={Miles, Roger E},
	journal={Mathematical Biosciences},
	volume={6},
	pages={85--127},
	year={1970},
	publisher={Elsevier}
}

@article{pan2013urban,
	title={Urban characteristics attributable to density-driven tie formation},
	author={Pan, Wei and Ghoshal, Gourab and Krumme, Coco and Cebrian, Manuel and Pentland, Alex},
	journal={Nature communications},
	volume={4},
	pages={1961},
	year={2013},
	publisher={Nature Publishing Group}
}

@article{parris2003characterizing,
	title={Characterizing a sustainability transition: Goals, targets, trends, and driving forces},
	author={Parris, Thomas M and Kates, Robert W},
	journal={Proceedings of the National Academy of Sciences},
	volume={100},
	number={14},
	pages={8068--8073},
	year={2003},
	publisher={National Acad Sciences}
}

@article{rooney2006structural,
	title={Structural asymmetry and the stability of diverse food webs},
	author={Rooney, Neil and McCann, Kevin and Gellner, Gabriel and Moore, John C},
	journal={Nature},
	volume={442},
	number={7100},
	pages={265--269},
	year={2006},
	publisher={Nature Publishing Group}
}

@article{Peng2012Surface,
  title={Surface Urban Heat Island Across 419 Global Big Cities},
  author={Peng, Shushi and Piao, Shilong and Ciais, Philippe and Friedlingstein, Pierre and Ottle, Catherine and Francois-Marie Breon and Nan, Huijuan and Zhou, Liming and Myneni, Ranga B.},
  journal={Environmental Science \& Technology},
  volume={46},
  number={2},
  pages={p.696-703},
  year={2012}
}

@article{rybski2013distance,
	title={Distance-weighted city growth},
	author={Rybski, Diego and Ros, Anselmo Garcia Cantu and Kropp, J{"u}rgen P},
	journal={Physical Review E},
	volume={87},
	number={4},
	pages={042114},
	year={2013},
	publisher={APS}
}

@article{schweitzer1998estimation,
	title={Estimation of megacity growth: simple rules versus complex phenomena},
	author={Schweitzer, Frank and Steinbrink, Jens},
	journal={Applied Geography},
	volume={18},
	number={1},
	pages={69--81},
	year={1998},
	publisher={Elsevier}
}
@article{kohler2017greater,
  title={Greater post-Neolithic wealth disparities in Eurasia than in North America and Mesoamerica},
  author={Kohler, Timothy A and Smith, Michael E and Bogaard, Amy and Feinman, Gary M and Peterson, Christian E and Betzenhauser, Alleen and Pailes, Matthew and Stone, Elizabeth C and Prentiss, Anna Marie and Dennehy, Timothy J and others},
  journal={Nature},
  volume={551},
  number={7682},
  pages={619},
  year={2017},
  publisher={Nature Publishing Group}
}
@article{doi:10.1086/701789,
	author = {Bowles, Samuel and Choi, Jung-Kyoo},
	title = {The Neolithic Agricultural Revolution and the Origins of Private Property},
	journal = {Journal of Political Economy},
	volume = {127},
	number = {5},
	pages = {2186-2228},
	year = {2019},
	doi = {10.1086/701789}
}
@article{bowles2019neolithic,
  title={The Neolithic Agricultural Revolution and the Origin of Private Property},
  author={Bowles, Samuel and Choi, Jung-Kyoo},
  year={2019}
}
@article{merity2009accurate,
	title = {Accurate argumentative zoning with maximum entropy models},
	author = {Merity, Stephen and Murphy, Tara and Curran, James R},
	booktitle = {Proceedings of the 2009 Workshop on Text and Citation Analysis for Scholarly Digital Libraries (
	             NLPIR4DL)},
	pages = {19--26},
	year = {2009},
}
@article{griffith1981modelling,
	title = {Modelling urban population density in a multi-centered city},
	author = {Griffith, Daniel A},
	journal = {Journal of urban economics},
	volume = {9},
	number = {3},
	pages = {298--310},
	year = {1981},
	publisher = {Elsevier},
}
@article{liu2019an,
	title="An evolutionarily stable strategy to colonize spatially extended habitats",
	author="Weirong {Liu} and Jonas {Cremer} and Dengjin {Li} and Terence {Hwa} and Chenli {Liu}",
	journal="Nature",
	volume="575",
	number="7784",
	pages="664--668",
	notes="Sourced from Microsoft Academic - https://academic.microsoft.com/paper/2983068796",
	year="2019"
}
@article{gude2020bacterial,
	title={Bacterial coexistence driven by motility and spatial competition},
	author="Sebastian {Gude} and Erçağ {Pinçe} and Katja M. {Taute} and Anne-Bart {Seinen} and Thomas S. {Shimizu} and Sander J. {Tans}",
	journal="Nature",
	volume="578",
	number="7796",
	pages="588--592",
	notes="Sourced from Microsoft Academic - https://academic.microsoft.com/paper/3007321348",
	year="2020"
}
@article{haase2008urban,
	title={Urban ecology of shrinking cities: an unrecognized opportunity?},
	author={Haase, Dagmar},
	journal={Nature and Culture},
	volume={3},
	number={1},
	pages={1--8},
	year={2008},
	publisher={Berghahn Journals}
}
@article{silverman2018rethinking,
	title={Rethinking shrinking cities: Peripheral dual cities have arrived},
	author={Silverman, Robert Mark},
	journal={Journal of Urban Affairs},
	pages={1--18},
	year={2018},
	publisher={Taylor \& Francis}
}

@article{yule1925ii,
	title = {A mathematical theory of evolution, based on the conclusions of Dr. Willis, fr s},
	author = {Yule, George Udny},
	journal = {Philosophical transactions of the Royal Society of London. Series B, containing papers of a biological
	character},
	volume = {213},
	number = {402-410},
	pages = {21--87},
	year = {1925},
	publisher = {The Royal Society London},
}

@book{zipf1949human,
	title={Human behavior and the principle of least effort.},
	author={Zipf, George Kingsley},
	year={1949},
	publisher={addison-wesley press}
}
@article{tokita2020social,
  title={Social influence and interaction bias can drive emergent behavioural specialization and modular social networks across systems},
  author={Tokita, Christopher K and Tarnita, Corina E},
  journal={Journal of the Royal Society Interface},
  volume={17},
  number={162},
  pages={20190564},
  year={2020},
  publisher={The Royal Society}
}